<record><leader>00000cas a2200000 a 4500</leader><controlfield tag="001">11921578</controlfield><controlfield tag="008">850415d18351851ncuwr ne      0   a0eng  </controlfield><datafield ind1=" " ind2=" " tag="010"><subfield code="a">sn 85042204 </subfield></datafield><datafield ind1=" " ind2=" " tag="040"><subfield code="a">DLC</subfield><subfield code="b">eng</subfield><subfield code="c">DLC</subfield><subfield code="d">OCL</subfield><subfield code="d">NPX</subfield><subfield code="d">NVJ</subfield><subfield code="d">CNW</subfield><subfield code="d">FUG</subfield><subfield code="d">DLC</subfield><subfield code="d">OCL</subfield><subfield code="d">OCLCQ</subfield><subfield code="d">OCLCO</subfield><subfield code="d">OCLCF</subfield><subfield code="d">NOC</subfield><subfield code="d">DLC</subfield></datafield><datafield ind1="0" ind2=" " tag="022"><subfield code="a">2373-2512</subfield><subfield code="2">1</subfield></datafield><datafield ind1=" " ind2=" " tag="042"><subfield code="a">msc</subfield><subfield code="a">nsdp</subfield></datafield><datafield ind1=" " ind2=" " tag="043"><subfield code="a">n-us-nc</subfield></datafield><datafield ind1="0" ind2="0" tag="050"><subfield code="a">Newspaper</subfield></datafield><datafield ind1="0" ind2="0" tag="082"><subfield code="a">071</subfield><subfield code="2">23</subfield></datafield><datafield ind1=" " ind2="0" tag="222"><subfield code="a">Tarboro' press</subfield><subfield code="b">(Print)</subfield></datafield><datafield ind1="0" ind2="0" tag="245"><subfield code="a">Tarboro' press.</subfield></datafield><datafield ind1="3" ind2="0" tag="246"><subfield code="a">Tarborough press</subfield></datafield><datafield ind1=" " ind2=" " tag="260"><subfield code="a">Tarborough, (Edgecombe Co., N.C.) :</subfield><subfield code="b">George Howard</subfield></datafield><datafield ind1=" " ind2=" " tag="300"><subfield code="a">v. ;</subfield><subfield code="c">54 cm.</subfield></datafield><datafield ind1=" " ind2=" " tag="310"><subfield code="a">Weekly</subfield></datafield><datafield ind1=" " ind2=" " tag="336"><subfield code="a">text</subfield><subfield code="b">txt</subfield><subfield code="2">rdacontent</subfield></datafield><datafield ind1=" " ind2=" " tag="337"><subfield code="a">unmediated</subfield><subfield code="b">n</subfield><subfield code="2">rdamedia</subfield></datafield><datafield ind1=" " ind2=" " tag="338"><subfield code="a">volume</subfield><subfield code="b">nc</subfield><subfield code="2">rdacarrier</subfield></datafield><datafield ind1="0" ind2=" " tag="362"><subfield code="a">Vol. 11, no. 1 (Jan. 2, 1835)-v. 27, no. 51 (Dec. 20, 1851) = whole no. 535-whole no. 1321.</subfield></datafield><datafield ind1=" " ind2=" " tag="500"><subfield code="a">Published as: Tarborough press, Jan. 6-13, 1844, and: Jan. 8, 1848-Dec. 20, 1851.</subfield></datafield><datafield ind1=" " ind2=" " tag="530"><subfield code="a">Archived issues are available in digital format from the Library of Congress Chronicling America online collection.</subfield></datafield><datafield ind1=" " ind2="0" tag="651"><subfield code="a">Tarboro (N.C.)</subfield><subfield code="v">Newspapers.</subfield></datafield><datafield ind1=" " ind2="0" tag="651"><subfield code="a">Edgecombe County (N.C.)</subfield><subfield code="v">Newspapers.</subfield></datafield><datafield ind1=" " ind2="7" tag="651"><subfield code="a">North Carolina</subfield><subfield code="z">Edgecombe County.</subfield><subfield code="2">fast</subfield><subfield code="0">(OCoLC)fst01206610</subfield></datafield><datafield ind1=" " ind2="7" tag="651"><subfield code="a">North Carolina</subfield><subfield code="z">Tarboro.</subfield><subfield code="2">fast</subfield><subfield code="0">(OCoLC)fst01215113</subfield></datafield><datafield ind1=" " ind2="7" tag="655"><subfield code="a">Newspapers.</subfield><subfield code="2">fast</subfield><subfield code="0">(OCoLC)fst01423814</subfield></datafield><datafield ind1=" " ind2=" " tag="752"><subfield code="a">United States</subfield><subfield code="b">North Carolina</subfield><subfield code="c">Edgecombe</subfield><subfield code="d">Tarboro.</subfield></datafield><datafield ind1="0" ind2="8" tag="776"><subfield code="i">Online version:</subfield><subfield code="t">Tarboro' press (Online)</subfield><subfield code="x">2373-2520</subfield><subfield code="w">(DLC)  2014218383</subfield><subfield code="w">(OCoLC)880638929</subfield></datafield><datafield ind1="0" ind2="0" tag="780"><subfield code="t">Tarborough free press</subfield><subfield code="w">(DLC)sn 92073985</subfield><subfield code="w">(OCoLC)25558742</subfield></datafield><datafield ind1="0" ind2="5" tag="780"><subfield code="t">Tarboro' Scaevola</subfield><subfield code="w">(DLC)sn 92073986</subfield><subfield code="w">(OCoLC)25558801</subfield></datafield><datafield ind1="0" ind2="0" tag="785"><subfield code="t">Southerner (Tarboro, N.C.)</subfield><subfield code="w">(DLC)sn 90052434</subfield><subfield code="w">(OCoLC)21680030</subfield></datafield><datafield ind1="4" ind2="1" tag="856"><subfield code="u">http://www.loc.gov/chroniclingamerica/lccn/sn85042204/issues</subfield></datafield><datafield ind1="1" ind2=" " tag="029"><subfield code="a">AU@</subfield><subfield code="b">000026224447</subfield></datafield></record>